@article{alimisis,
author = {Alimisis, Dimitris},
year = {2013},
month = {01},
pages = {63-71},
title = {Educational robotics: Open questions and new challenges},
volume = {6},
booktitle = {Themes in Science and Technology Education}
}

@InProceedings{nogueira,
author="Nogueira, Sidney
and Falc{\~a}o, Taciana Pontual
and Mota, Alexandre
and Oliveira, Emanuel
and Moraes, Itamar
and Pereira, Iverson",
editor="Ribeiro, Leila
and Lecomte, Thierry",
title="An Approach for Verifying Educational Robots",
booktitle="Formal Methods: Foundations and Applications",
year="2016",
publisher="Springer International Publishing",
address="Cham",
pages="59--77",
isbn="978-3-319-49815-7"
}

@article{Benitti2012,
  doi = {10.1016/j.compedu.2011.10.006},
  url = {https://doi.org/10.1016/j.compedu.2011.10.006},
  year  = {2012},
  month = {apr},
  publisher = {Elsevier {BV}},
  volume = {58},
  number = {3},
  pages = {978--988},
  author = {Fabiane Barreto Vavassori Benitti},
  title = {Exploring the educational potential of robotics in schools: A systematic review},
  journal = {Computers {\&} Education}
}

@inproceedings{Bombasar2015,
  doi = {10.5753/cbie.sbie.2015.81},
  url = {https://doi.org/10.5753/cbie.sbie.2015.81},
  year  = {2015},
  month = {oct},
  publisher = {Sociedade Brasileira de Computa{\c{c}}{\~{a}}o - {SBC}},
  author = {James Bombasar and Andr{\'{e}} Raabe and Elisangela Maschio de Miranda and Rafael Santiago},
  title = {Ferramentas para o Ensino-Aprendizagem do Pensamento Computacional: onde est{\'{a}} Alan Turing?},
  booktitle = {Anais do {XXVI} Simp{\'{o}}sio Brasileiro de Inform{\'{a}}tica na Educa{\c{c}}{\~{a}}o ({SBIE} 2015)}
}

@article{Duarte,
author = {Duarte, Lucio},
year = {2011},
month = {09},
pages = {},
title = {Integrating Software Testing and Model Checking Through Model Extraction}
}

@InProceedings{Gibson,
author="Gibson-Robinson, Thomas
and Armstrong, Philip
and Boulgakov, Alexandre
and Roscoe, Andrew W.",
editor="{\'A}brah{\'a}m, Erika
and Havelund, Klaus",
title="FDR3 --- A Modern Refinement Checker for CSP",
booktitle="Tools and Algorithms for the Construction and Analysis of Systems",
year="2014",
publisher="Springer Berlin Heidelberg",
address="Berlin, Heidelberg",
pages="187--201",
isbn="978-3-642-54862-8"
}

@inproceedings{SVA,
  title = "{SVA, a tool for analysing shared-variable programms}",
  author = "A. W. Roscoe and David Hopkins",
  year = "2007",
  booktitle = "{Proceedings of AVoCS 2007}",
  note = "to appear",
  pages = "177--183",
  url = "http://web.comlab.ox.ac.uk/oucl/work/bill.roscoe/publications/119.pdf",
}

@inproceedings{Kats,
 author = {Kats, Lennart C.L. and Vogelij, Richard G. and Kalleberg, Karl Trygve and Visser, Eelco},
 title = {Software Development Environments on the Web: A Research Agenda},
 booktitle = {Proceedings of the ACM International Symposium on New Ideas, New Paradigms, and Reflections on Programming and Software},
 series = {Onward! 2012},
 year = {2012},
 isbn = {978-1-4503-1562-3},
 location = {Tucson, Arizona, USA},
 pages = {99--116},
 numpages = {18},
 url = {http://doi.acm.org/10.1145/2384592.2384603},
 doi = {10.1145/2384592.2384603},
 acmid = {2384603},
 publisher = {ACM},
 address = {New York, NY, USA},
 keywords = {cloud, cloud9, collaboration, ide, integrated development environment, interactive development environment, online, spoofax, web},
} 

@inproceedings{KatsSpoofax,
 author = {Kats, Lennart C.L. and Visser, Eelco},
 title = {The Spoofax Language Workbench: Rules for Declarative Specification of Languages and IDEs},
 booktitle = {Proceedings of the ACM International Conference on Object Oriented Programming Systems Languages and Applications},
 series = {OOPSLA '10},
 year = {2010},
 isbn = {978-1-4503-0203-6},
 location = {Reno/Tahoe, Nevada, USA},
 pages = {444--463},
 numpages = {20},
 url = {http://doi.acm.org/10.1145/1869459.1869497},
 doi = {10.1145/1869459.1869497},
 acmid = {1869497},
 publisher = {ACM},
 address = {New York, NY, USA},
 keywords = {IDE, domain-specific language, dsl, eclipse, language workbench, meta-tooling, sdf, sglr, spoofax, stratego},
} 

@inproceedings{Lessa2015,
  doi = {10.5753/cbie.wie.2015.92},
  url = {https://doi.org/10.5753/cbie.wie.2015.92},
  year  = {2015},
  month = {oct},
  publisher = {Sociedade Brasileira de Computa{\c{c}}{\~{a}}o - {SBC}},
  author = {V. Lessa and Franciele Forigo and Adriano Teixeira and Gabriel Paludo Licks},
  title = {Programa{\c{c}}{\~{a}}o de Computadores e Rob{\'{o}}tica Educativa na Escola: tend{\^{e}}ncias evidenciadas nas produ{\c{c}}{\~{o}}es do Workshop de Inform{\'{a}}tica na Escola},
  booktitle = {Anais do {XXI} Workshop de Inform{\'{a}}tica na Escola ({WIE} 2015)}
}


@article {silva,
    author  = "Silva, Rui Carlos Botelho Almeida da",
    title   = "Verificação formal de planos para agentes autônomos e sistemas multiagentes: um estudo de caso aplicado ao futebol de robôs",
    url = "http://repositorio.ufba.br/ri/handle/ri/21342",
    year    = "2012",
    month   = "feb",
    note    = "Dissertação de Mestrado"
}






